%YAML 1.1
%TAG !u! tag:unity3d.com,2011:
--- !u!1 &1630819692271059581
GameObject:
  m_ObjectHideFlags: 0
  m_CorrespondingSourceObject: {fileID: 0}
  m_PrefabInstance: {fileID: 0}
  m_PrefabAsset: {fileID: 0}
  serializedVersion: 6
  m_Component:
  - component: {fileID: 1630819692270640733}
  - component: {fileID: 1630819692272173151}
  - component: {fileID: 1630819692278799487}
  - component: {fileID: 1630819692265902649}
  - component: {fileID: 1630819693434775912}
  - component: {fileID: 1630819693434775915}
  - component: {fileID: 1630819693434775908}
  m_Layer: 0
  m_Name: FirstPersonCharacter
  m_TagString: MainCamera
  m_Icon: {fileID: 0}
  m_NavMeshLayer: 0
  m_StaticEditorFlags: 0
  m_IsActive: 1
--- !u!4 &1630819692270640733
Transform:
  m_ObjectHideFlags: 0
  m_CorrespondingSourceObject: {fileID: 0}
  m_PrefabInstance: {fileID: 0}
  m_PrefabAsset: {fileID: 0}
  m_GameObject: {fileID: 1630819692271059581}
  m_LocalRotation: {x: 0, y: 0, z: 0, w: 1}
  m_LocalPosition: {x: 0, y: 0.8, z: 0}
  m_LocalScale: {x: 1, y: 1, z: 1}
  m_Children:
  - {fileID: 1630819693132589034}
  m_Father: {fileID: 1630819692270640735}
  m_RootOrder: 0
  m_LocalEulerAnglesHint: {x: 0, y: 0, z: 0}
--- !u!20 &1630819692272173151
Camera:
  m_ObjectHideFlags: 0
  m_CorrespondingSourceObject: {fileID: 0}
  m_PrefabInstance: {fileID: 0}
  m_PrefabAsset: {fileID: 0}
  m_GameObject: {fileID: 1630819692271059581}
  m_Enabled: 1
  serializedVersion: 2
  m_ClearFlags: 1
  m_BackGroundColor: {r: 0.19215687, g: 0.3019608, b: 0.4745098, a: 0.019607844}
  m_projectionMatrixMode: 1
  m_SensorSize: {x: 36, y: 24}
  m_LensShift: {x: 0, y: 0}
  m_GateFitMode: 2
  m_FocalLength: 50
  m_NormalizedViewPortRect:
    serializedVersion: 2
    x: 0
    y: 0
    width: 1
    height: 1
  near clip plane: 0.3
  far clip plane: 1000
  field of view: 60
  orthographic: 0
  orthographic size: 5
  m_Depth: 0
  m_CullingMask:
    serializedVersion: 2
    m_Bits: 4294967295
  m_RenderingPath: -1
  m_TargetTexture: {fileID: 0}
  m_TargetDisplay: 0
  m_TargetEye: 3
  m_HDR: 0
  m_AllowMSAA: 1
  m_AllowDynamicResolution: 0
  m_ForceIntoRT: 0
  m_OcclusionCulling: 1
  m_StereoConvergence: 10
  m_StereoSeparation: 0.022
--- !u!81 &1630819692278799487
AudioListener:
  m_ObjectHideFlags: 0
  m_CorrespondingSourceObject: {fileID: 0}
  m_PrefabInstance: {fileID: 0}
  m_PrefabAsset: {fileID: 0}
  m_GameObject: {fileID: 1630819692271059581}
  m_Enabled: 1
--- !u!124 &1630819692265902649
Behaviour:
  m_ObjectHideFlags: 0
  m_CorrespondingSourceObject: {fileID: 0}
  m_PrefabInstance: {fileID: 0}
  m_PrefabAsset: {fileID: 0}
  m_GameObject: {fileID: 1630819692271059581}
  m_Enabled: 1
--- !u!45 &1630819693434775912
Skybox:
  m_ObjectHideFlags: 0
  m_CorrespondingSourceObject: {fileID: 0}
  m_PrefabInstance: {fileID: 0}
  m_PrefabAsset: {fileID: 0}
  m_GameObject: {fileID: 1630819692271059581}
  m_Enabled: 1
  m_CustomSkybox: {fileID: 2100000, guid: 7e1e5781d39549148abcbf66c428df00, type: 2}
--- !u!114 &1630819693434775915
MonoBehaviour:
  m_ObjectHideFlags: 0
  m_CorrespondingSourceObject: {fileID: 0}
  m_PrefabInstance: {fileID: 0}
  m_PrefabAsset: {fileID: 0}
  m_GameObject: {fileID: 1630819692271059581}
  m_Enabled: 1
  m_EditorHideFlags: 0
  m_Script: {fileID: 11500000, guid: 0d02419d03ea67141850357369caa77a, type: 3}
  m_Name: 
  m_EditorClassIdentifier: 
  ToTarget: 0
--- !u!114 &1630819693434775908
MonoBehaviour:
  m_ObjectHideFlags: 0
  m_CorrespondingSourceObject: {fileID: 0}
  m_PrefabInstance: {fileID: 0}
  m_PrefabAsset: {fileID: 0}
  m_GameObject: {fileID: 1630819692271059581}
  m_Enabled: 1
  m_EditorHideFlags: 0
  m_Script: {fileID: 11500000, guid: 403dc8be1a7c546419b18cdcdb4189f7, type: 3}
  m_Name: 
  m_EditorClassIdentifier: 
  internalhealth: 0
  Scenename: GameOver
--- !u!1 &1630819692271059583
GameObject:
  m_ObjectHideFlags: 0
  m_CorrespondingSourceObject: {fileID: 0}
  m_PrefabInstance: {fileID: 0}
  m_PrefabAsset: {fileID: 0}
  serializedVersion: 6
  m_Component:
  - component: {fileID: 1630819692270640735}
  - component: {fileID: 1630819692268287935}
  - component: {fileID: 1630819692265027487}
  - component: {fileID: 1630819692276130079}
  - component: {fileID: 1630819692278700959}
  m_Layer: 0
  m_Name: FPSController
  m_TagString: Untagged
  m_Icon: {fileID: 0}
  m_NavMeshLayer: 0
  m_StaticEditorFlags: 0
  m_IsActive: 1
--- !u!4 &1630819692270640735
Transform:
  m_ObjectHideFlags: 0
  m_CorrespondingSourceObject: {fileID: 0}
  m_PrefabInstance: {fileID: 0}
  m_PrefabAsset: {fileID: 0}
  m_GameObject: {fileID: 1630819692271059583}
  m_LocalRotation: {x: -0, y: -0.9997632, z: -0, w: 0.02176171}
  m_LocalPosition: {x: 23, y: 0.46, z: 431}
  m_LocalScale: {x: 1, y: 1, z: 1}
  m_Children:
  - {fileID: 1630819692270640733}
  m_Father: {fileID: 0}
  m_RootOrder: 0
  m_LocalEulerAnglesHint: {x: 0, y: -177.50601, z: 0}
--- !u!143 &1630819692268287935
CharacterController:
  m_ObjectHideFlags: 0
  m_CorrespondingSourceObject: {fileID: 0}
  m_PrefabInstance: {fileID: 0}
  m_PrefabAsset: {fileID: 0}
  m_GameObject: {fileID: 1630819692271059583}
  m_Material: {fileID: 0}
  m_IsTrigger: 0
  m_Enabled: 1
  serializedVersion: 2
  m_Height: 1.8
  m_Radius: 0.5
  m_SlopeLimit: 45
  m_StepOffset: 0.3
  m_SkinWidth: 0.08
  m_MinMoveDistance: 0
  m_Center: {x: 0, y: 0, z: 0}
--- !u!114 &1630819692265027487
MonoBehaviour:
  m_ObjectHideFlags: 0
  m_CorrespondingSourceObject: {fileID: 0}
  m_PrefabInstance: {fileID: 0}
  m_PrefabAsset: {fileID: 0}
  m_GameObject: {fileID: 1630819692271059583}
  m_Enabled: 1
  m_EditorHideFlags: 0
  m_Script: {fileID: 11500000, guid: 05ec5cf00ca181d45a42ba1870e148c3, type: 3}
  m_Name: 
  m_EditorClassIdentifier: 
  m_IsWalking: 0
  m_WalkSpeed: 5
  m_RunSpeed: 27
  m_RunstepLenghten: 1
  m_JumpSpeed: 10
  m_StickToGroundForce: 10
  m_GravityMultiplier: 2
  m_MouseLook:
    XSensitivity: 2
    YSensitivity: 2
    clampVerticalRotation: 1
    MinimumX: -90
    MaximumX: 90
    smooth: 0
    smoothTime: 5
    lockCursor: 1
  m_UseFovKick: 1
  m_FovKick:
    Camera: {fileID: 0}
    originalFov: 0
    FOVIncrease: 3
    TimeToIncrease: 1
    TimeToDecrease: 1
    IncreaseCurve:
      serializedVersion: 2
      m_Curve:
      - serializedVersion: 3
        time: 0
        value: 0
        inSlope: 0
        outSlope: 0
        tangentMode: 0
        weightedMode: 0
        inWeight: 0.33333334
        outWeight: 0.33333334
      - serializedVersion: 3
        time: 1
        value: 1
        inSlope: 2
        outSlope: 2
        tangentMode: 0
        weightedMode: 0
        inWeight: 0.33333334
        outWeight: 0.33333334
      m_PreInfinity: 2
      m_PostInfinity: 2
      m_RotationOrder: 4
  m_UseHeadBob: 1
  m_HeadBob:
    HorizontalBobRange: 0.1
    VerticalBobRange: 0.1
    Bobcurve:
      serializedVersion: 2
      m_Curve:
      - serializedVersion: 3
        time: 0
        value: 0
        inSlope: 0
        outSlope: 0
        tangentMode: 0
        weightedMode: 0
        inWeight: 0.33333334
        outWeight: 0.33333334
      - serializedVersion: 3
        time: 0.5
        value: 1
        inSlope: 0
        outSlope: 0
        tangentMode: 0
        weightedMode: 0
        inWeight: 0.33333334
        outWeight: 0.33333334
      - serializedVersion: 3
        time: 1
        value: 0
        inSlope: 0
        outSlope: 0
        tangentMode: 0
        weightedMode: 0
        inWeight: 0.33333334
        outWeight: 0.33333334
      - serializedVersion: 3
        time: 1.5
        value: -1
        inSlope: 0
        outSlope: 0
        tangentMode: 0
        weightedMode: 0
        inWeight: 0.33333334
        outWeight: 0.33333334
      - serializedVersion: 3
        time: 2
        value: 0
        inSlope: 0
        outSlope: 0
        tangentMode: 0
        weightedMode: 0
        inWeight: 0.33333334
        outWeight: 0.33333334
      m_PreInfinity: 2
      m_PostInfinity: 2
      m_RotationOrder: 4
    VerticaltoHorizontalRatio: 2
  m_JumpBob:
    BobDuration: 0.2
    BobAmount: 0.1
  m_StepInterval: 5
  m_FootstepSounds:
  - {fileID: 8300000, guid: 42e65e088b3f4374e851b8dbd38f3df9, type: 3}
  - {fileID: 8300000, guid: 8bc94ec6ed537e743b481638bdcd503d, type: 3}
  m_JumpSound: {fileID: 8300000, guid: 5897aeed9b676024fbb8c694b421a861, type: 3}
  m_LandSound: {fileID: 8300000, guid: 3b09d59f4499d45428baa7a21e954296, type: 3}
--- !u!54 &1630819692276130079
Rigidbody:
  m_ObjectHideFlags: 0
  m_CorrespondingSourceObject: {fileID: 0}
  m_PrefabInstance: {fileID: 0}
  m_PrefabAsset: {fileID: 0}
  m_GameObject: {fileID: 1630819692271059583}
  serializedVersion: 2
  m_Mass: 1
  m_Drag: 0
  m_AngularDrag: 0.05
  m_UseGravity: 1
  m_IsKinematic: 1
  m_Interpolate: 0
  m_Constraints: 0
  m_CollisionDetection: 0
--- !u!82 &1630819692278700959
AudioSource:
  m_ObjectHideFlags: 0
  m_CorrespondingSourceObject: {fileID: 0}
  m_PrefabInstance: {fileID: 0}
  m_PrefabAsset: {fileID: 0}
  m_GameObject: {fileID: 1630819692271059583}
  m_Enabled: 1
  serializedVersion: 4
  OutputAudioMixerGroup: {fileID: 0}
  m_audioClip: {fileID: 0}
  m_PlayOnAwake: 1
  m_Volume: 1
  m_Pitch: 1
  Loop: 0
  Mute: 0
  Spatialize: 0
  SpatializePostEffects: 0
  Priority: 128
  DopplerLevel: 1
  MinDistance: 1
  MaxDistance: 500
  Pan2D: 0
  rolloffMode: 0
  BypassEffects: 0
  BypassListenerEffects: 0
  BypassReverbZones: 0
  rolloffCustomCurve:
    serializedVersion: 2
    m_Curve:
    - serializedVersion: 3
      time: 0
      value: 1
      inSlope: 0
      outSlope: 0
      tangentMode: 0
      weightedMode: 0
      inWeight: 0.33333334
      outWeight: 0.33333334
    - serializedVersion: 3
      time: 1
      value: 0
      inSlope: 0
      outSlope: 0
      tangentMode: 0
      weightedMode: 0
      inWeight: 0.33333334
      outWeight: 0.33333334
    m_PreInfinity: 2
    m_PostInfinity: 2
    m_RotationOrder: 4
  panLevelCustomCurve:
    serializedVersion: 2
    m_Curve:
    - serializedVersion: 3
      time: 0
      value: 1
      inSlope: 0
      outSlope: 0
      tangentMode: 0
      weightedMode: 0
      inWeight: 0.33333334
      outWeight: 0.33333334
    m_PreInfinity: 2
    m_PostInfinity: 2
    m_RotationOrder: 0
  spreadCustomCurve:
    serializedVersion: 2
    m_Curve:
    - serializedVersion: 3
      time: 0
      value: 0
      inSlope: 0
      outSlope: 0
      tangentMode: 0
      weightedMode: 0
      inWeight: 0.33333334
      outWeight: 0.33333334
    m_PreInfinity: 2
    m_PostInfinity: 2
    m_RotationOrder: 4
  reverbZoneMixCustomCurve:
    serializedVersion: 2
    m_Curve:
    - serializedVersion: 3
      time: 0
      value: 1
      inSlope: 0
      outSlope: 0
      tangentMode: 0
      weightedMode: 0
      inWeight: 0.33333334
      outWeight: 0.33333334
    m_PreInfinity: 2
    m_PostInfinity: 2
    m_RotationOrder: 0
--- !u!1 &1630819693132589033
GameObject:
  m_ObjectHideFlags: 0
  m_CorrespondingSourceObject: {fileID: 0}
  m_PrefabInstance: {fileID: 0}
  m_PrefabAsset: {fileID: 0}
  serializedVersion: 6
  m_Component:
  - component: {fileID: 1630819693132589034}
  m_Layer: 0
  m_Name: readpoint
  m_TagString: Untagged
  m_Icon: {fileID: 0}
  m_NavMeshLayer: 0
  m_StaticEditorFlags: 0
  m_IsActive: 1
--- !u!4 &1630819693132589034
Transform:
  m_ObjectHideFlags: 0
  m_CorrespondingSourceObject: {fileID: 0}
  m_PrefabInstance: {fileID: 0}
  m_PrefabAsset: {fileID: 0}
  m_GameObject: {fileID: 1630819693132589033}
  m_LocalRotation: {x: 0.693284, y: -0, z: -0.000000002793968, w: -0.7206645}
  m_LocalPosition: {x: -0.112, y: -0.058, z: 0.876}
  m_LocalScale: {x: 1, y: 1, z: 1}
  m_Children: []
  m_Father: {fileID: 1630819692270640733}
  m_RootOrder: 0
  m_LocalEulerAnglesHint: {x: 272.219, y: 0, z: 0}
